

@article{dubey2024llama,
  title={The llama 3 herd of models},
  author={Dubey, Abhimanyu and Jauhri, Abhinav and Pandey, Abhinav and Kadian, Abhishek and Al-Dahle, Ahmad and Letman, Aiesha and Mathur, Akhil and Schelten, Alan and Yang, Amy and Fan, Angela and others},
  journal={arXiv preprint arXiv:2407.21783},
  year={2024}
}

@article{achiam2023gpt,
  title={Gpt-4 technical report},
  author={Achiam, Josh and Adler, Steven and Agarwal, Sandhini and Ahmad, Lama and Akkaya, Ilge and Aleman, Florencia Leoni and Almeida, Diogo and Altenschmidt, Janko and Altman, Sam and Anadkat, Shyamal and others},
  journal={arXiv preprint arXiv:2303.08774},
  year={2023}
}

@misc{Anthropic2023Claude3,
  author       = {Anthropic},
  title        = {The Claude 3 Model Family: Opus, Sonnet, Haiku},
  howpublished = {\url{https://www-cdn.anthropic.com/de8ba9b01c9ab7cbabf5c33b80b7bbc618857627/Model_Card_Claude_3.pdf}}
}


@misc{geminiteam2024geminifamilyhighlycapable,
      title={Gemini: A Family of Highly Capable Multimodal Models}, 
      author={Gemini Team and Rohan Anil and Sebastian Borgeaud and Jean-Baptiste Alayrac and Jiahui Yu and Radu Soricut and Johan Schalkwyk and Andrew M. Dai and Anja Hauth and Katie Millican and David Silver and Melvin Johnson and Ioannis Antonoglou and Julian Schrittwieser and Amelia Glaese and Jilin Chen and Emily Pitler and Timothy Lillicrap and Angeliki Lazaridou and Orhan Firat and James Molloy and Michael Isard and Paul R. Barham and Tom Hennigan and Benjamin Lee and Fabio Viola and Malcolm Reynolds and Yuanzhong Xu and Ryan Doherty and Eli Collins and Clemens Meyer and Eliza Rutherford and Erica Moreira and Kareem Ayoub and Megha Goel and Jack Krawczyk and Cosmo Du and Ed Chi and Heng-Tze Cheng and Eric Ni and Purvi Shah and Patrick Kane and Betty Chan and Manaal Faruqui and Aliaksei Severyn and Hanzhao Lin and YaGuang Li and Yong Cheng and Abe Ittycheriah and Mahdis Mahdieh and Mia Chen and Pei Sun and Dustin Tran and Sumit Bagri and Balaji Lakshminarayanan and Jeremiah Liu and Andras Orban and Fabian Güra and Hao Zhou and Xinying Song and Aurelien Boffy and Harish Ganapathy and Steven Zheng and HyunJeong Choe and Ágoston Weisz and Tao Zhu and Yifeng Lu and Siddharth Gopal and Jarrod Kahn and Maciej Kula and Jeff Pitman and Rushin Shah and Emanuel Taropa and Majd Al Merey and Martin Baeuml and Zhifeng Chen and Laurent El Shafey and Yujing Zhang and Olcan Sercinoglu and George Tucker and Enrique Piqueras and Maxim Krikun and Iain Barr and Nikolay Savinov and Ivo Danihelka and Becca Roelofs and Anaïs White and Anders Andreassen and Tamara von Glehn and Lakshman Yagati and Mehran Kazemi and Lucas Gonzalez and Misha Khalman and Jakub Sygnowski and Alexandre Frechette and Charlotte Smith and Laura Culp and Lev Proleev and Yi Luan and Xi Chen and James Lottes and Nathan Schucher and Federico Lebron and Alban Rrustemi and Natalie Clay and Phil Crone and Tomas Kocisky and Jeffrey Zhao and Bartek Perz and Dian Yu and Heidi Howard and Adam Bloniarz and Jack W. Rae and Han Lu and Laurent Sifre and Marcello Maggioni and Fred Alcober and Dan Garrette and Megan Barnes and Shantanu Thakoor and Jacob Austin and Gabriel Barth-Maron and William Wong and Rishabh Joshi and Rahma Chaabouni and Deeni Fatiha and Arun Ahuja and Gaurav Singh Tomar and Evan Senter and Martin Chadwick and Ilya Kornakov and Nithya Attaluri and Iñaki Iturrate and Ruibo Liu and Yunxuan Li and Sarah Cogan and Jeremy Chen and Chao Jia and Chenjie Gu and Qiao Zhang and Jordan Grimstad and Ale Jakse Hartman and Xavier Garcia and Thanumalayan Sankaranarayana Pillai and Jacob Devlin and Michael Laskin and Diego de Las Casas and Dasha Valter and Connie Tao and Lorenzo Blanco and Adrià Puigdomènech Badia and David Reitter and Mianna Chen and Jenny Brennan and Clara Rivera and Sergey Brin and Shariq Iqbal and Gabriela Surita and Jane Labanowski and Abhi Rao and Stephanie Winkler and Emilio Parisotto and Yiming Gu and Kate Olszewska and Ravi Addanki and Antoine Miech and Annie Louis and Denis Teplyashin and Geoff Brown and Elliot Catt and Jan Balaguer and Jackie Xiang and Pidong Wang and Zoe Ashwood and Anton Briukhov and Albert Webson and Sanjay Ganapathy and Smit Sanghavi and Ajay Kannan and Ming-Wei Chang and Axel Stjerngren and Josip Djolonga and Yuting Sun and Ankur Bapna and Matthew Aitchison and Pedram Pejman and Henryk Michalewski and Tianhe Yu and Cindy Wang and Juliette Love and Junwhan Ahn and Dawn Bloxwich and Kehang Han and Peter Humphreys and Thibault Sellam and James Bradbury and Varun Godbole and Sina Samangooei and Bogdan Damoc and Alex Kaskasoli and Sébastien M. R. Arnold and Vijay Vasudevan and Shubham Agrawal and Jason Riesa and Dmitry Lepikhin and Richard Tanburn and Srivatsan Srinivasan and Hyeontaek Lim and Sarah Hodkinson and Pranav Shyam and Johan Ferret and Steven Hand and Ankush Garg and Tom Le Paine and Jian Li and Yujia Li and Minh Giang and Alexander Neitz and Zaheer Abbas and Sarah York and Machel Reid and Elizabeth Cole and Aakanksha Chowdhery and Dipanjan Das and Dominika Rogozińska and Vitaliy Nikolaev and Pablo Sprechmann and Zachary Nado and Lukas Zilka and Flavien Prost and Luheng He and Marianne Monteiro and Gaurav Mishra and Chris Welty and Josh Newlan and Dawei Jia and Miltiadis Allamanis and Clara Huiyi Hu and Raoul de Liedekerke and Justin Gilmer and Carl Saroufim and Shruti Rijhwani and Shaobo Hou and Disha Shrivastava and Anirudh Baddepudi and Alex Goldin and Adnan Ozturel and Albin Cassirer and Yunhan Xu and Daniel Sohn and Devendra Sachan and Reinald Kim Amplayo and Craig Swanson and Dessie Petrova and Shashi Narayan and Arthur Guez and Siddhartha Brahma and Jessica Landon and Miteyan Patel and Ruizhe Zhao and Kevin Villela and Luyu Wang and Wenhao Jia and Matthew Rahtz and Mai Giménez and Legg Yeung and James Keeling and Petko Georgiev and Diana Mincu and Boxi Wu and Salem Haykal and Rachel Saputro and Kiran Vodrahalli and James Qin and Zeynep Cankara and Abhanshu Sharma and Nick Fernando and Will Hawkins and Behnam Neyshabur and Solomon Kim and Adrian Hutter and Priyanka Agrawal and Alex Castro-Ros and George van den Driessche and Tao Wang and Fan Yang and Shuo-yiin Chang and Paul Komarek and Ross McIlroy and Mario Lučić and Guodong Zhang and Wael Farhan and Michael Sharman and Paul Natsev and Paul Michel and Yamini Bansal and Siyuan Qiao and Kris Cao and Siamak Shakeri and Christina Butterfield and Justin Chung and Paul Kishan Rubenstein and Shivani Agrawal and Arthur Mensch and Kedar Soparkar and Karel Lenc and Timothy Chung and Aedan Pope and Loren Maggiore and Jackie Kay and Priya Jhakra and Shibo Wang and Joshua Maynez and Mary Phuong and Taylor Tobin and Andrea Tacchetti and Maja Trebacz and Kevin Robinson and Yash Katariya and Sebastian Riedel and Paige Bailey and Kefan Xiao and Nimesh Ghelani and Lora Aroyo and Ambrose Slone and Neil Houlsby and Xuehan Xiong and Zhen Yang and Elena Gribovskaya and Jonas Adler and Mateo Wirth and Lisa Lee and Music Li and Thais Kagohara and Jay Pavagadhi and Sophie Bridgers and Anna Bortsova and Sanjay Ghemawat and Zafarali Ahmed and Tianqi Liu and Richard Powell and Vijay Bolina and Mariko Iinuma and Polina Zablotskaia and James Besley and Da-Woon Chung and Timothy Dozat and Ramona Comanescu and Xiance Si and Jeremy Greer and Guolong Su and Martin Polacek and Raphaël Lopez Kaufman and Simon Tokumine and Hexiang Hu and Elena Buchatskaya and Yingjie Miao and Mohamed Elhawaty and Aditya Siddhant and Nenad Tomasev and Jinwei Xing and Christina Greer and Helen Miller and Shereen Ashraf and Aurko Roy and Zizhao Zhang and Ada Ma and Angelos Filos and Milos Besta and Rory Blevins and Ted Klimenko and Chih-Kuan Yeh and Soravit Changpinyo and Jiaqi Mu and Oscar Chang and Mantas Pajarskas and Carrie Muir and Vered Cohen and Charline Le Lan and Krishna Haridasan and Amit Marathe and Steven Hansen and Sholto Douglas and Rajkumar Samuel and Mingqiu Wang and Sophia Austin and Chang Lan and Jiepu Jiang and Justin Chiu and Jaime Alonso Lorenzo and Lars Lowe Sjösund and Sébastien Cevey and Zach Gleicher and Thi Avrahami and Anudhyan Boral and Hansa Srinivasan and Vittorio Selo and Rhys May and Konstantinos Aisopos and Léonard Hussenot and Livio Baldini Soares and Kate Baumli and Michael B. Chang and Adrià Recasens and Ben Caine and Alexander Pritzel and Filip Pavetic and Fabio Pardo and Anita Gergely and Justin Frye and Vinay Ramasesh and Dan Horgan and Kartikeya Badola and Nora Kassner and Subhrajit Roy and Ethan Dyer and Víctor Campos Campos and Alex Tomala and Yunhao Tang and Dalia El Badawy and Elspeth White and Basil Mustafa and Oran Lang and Abhishek Jindal and Sharad Vikram and Zhitao Gong and Sergi Caelles and Ross Hemsley and Gregory Thornton and Fangxiaoyu Feng and Wojciech Stokowiec and Ce Zheng and Phoebe Thacker and Çağlar Ünlü and Zhishuai Zhang and Mohammad Saleh and James Svensson and Max Bileschi and Piyush Patil and Ankesh Anand and Roman Ring and Katerina Tsihlas and Arpi Vezer and Marco Selvi and Toby Shevlane and Mikel Rodriguez and Tom Kwiatkowski and Samira Daruki and Keran Rong and Allan Dafoe and Nicholas FitzGerald and Keren Gu-Lemberg and Mina Khan and Lisa Anne Hendricks and Marie Pellat and Vladimir Feinberg and James Cobon-Kerr and Tara Sainath and Maribeth Rauh and Sayed Hadi Hashemi and Richard Ives and Yana Hasson and Eric Noland and Yuan Cao and Nathan Byrd and Le Hou and Qingze Wang and Thibault Sottiaux and Michela Paganini and Jean-Baptiste Lespiau and Alexandre Moufarek and Samer Hassan and Kaushik Shivakumar and Joost van Amersfoort and Amol Mandhane and Pratik Joshi and Anirudh Goyal and Matthew Tung and Andrew Brock and Hannah Sheahan and Vedant Misra and Cheng Li and Nemanja Rakićević and Mostafa Dehghani and Fangyu Liu and Sid Mittal and Junhyuk Oh and Seb Noury and Eren Sezener and Fantine Huot and Matthew Lamm and Nicola De Cao and Charlie Chen and Sidharth Mudgal and Romina Stella and Kevin Brooks and Gautam Vasudevan and Chenxi Liu and Mainak Chain and Nivedita Melinkeri and Aaron Cohen and Venus Wang and Kristie Seymore and Sergey Zubkov and Rahul Goel and Summer Yue and Sai Krishnakumaran and Brian Albert and Nate Hurley and Motoki Sano and Anhad Mohananey and Jonah Joughin and Egor Filonov and Tomasz Kępa and Yomna Eldawy and Jiawern Lim and Rahul Rishi and Shirin Badiezadegan and Taylor Bos and Jerry Chang and Sanil Jain and Sri Gayatri Sundara Padmanabhan and Subha Puttagunta and Kalpesh Krishna and Leslie Baker and Norbert Kalb and Vamsi Bedapudi and Adam Kurzrok and Shuntong Lei and Anthony Yu and Oren Litvin and Xiang Zhou and Zhichun Wu and Sam Sobell and Andrea Siciliano and Alan Papir and Robby Neale and Jonas Bragagnolo and Tej Toor and Tina Chen and Valentin Anklin and Feiran Wang and Richie Feng and Milad Gholami and Kevin Ling and Lijuan Liu and Jules Walter and Hamid Moghaddam and Arun Kishore and Jakub Adamek and Tyler Mercado and Jonathan Mallinson and Siddhinita Wandekar and Stephen Cagle and Eran Ofek and Guillermo Garrido and Clemens Lombriser and Maksim Mukha and Botu Sun and Hafeezul Rahman Mohammad and Josip Matak and Yadi Qian and Vikas Peswani and Pawel Janus and Quan Yuan and Leif Schelin and Oana David and Ankur Garg and Yifan He and Oleksii Duzhyi and Anton Älgmyr and Timothée Lottaz and Qi Li and Vikas Yadav and Luyao Xu and Alex Chinien and Rakesh Shivanna and Aleksandr Chuklin and Josie Li and Carrie Spadine and Travis Wolfe and Kareem Mohamed and Subhabrata Das and Zihang Dai and Kyle He and Daniel von Dincklage and Shyam Upadhyay and Akanksha Maurya and Luyan Chi and Sebastian Krause and Khalid Salama and Pam G Rabinovitch and Pavan Kumar Reddy M and Aarush Selvan and Mikhail Dektiarev and Golnaz Ghiasi and Erdem Guven and Himanshu Gupta and Boyi Liu and Deepak Sharma and Idan Heimlich Shtacher and Shachi Paul and Oscar Akerlund and François-Xavier Aubet and Terry Huang and Chen Zhu and Eric Zhu and Elico Teixeira and Matthew Fritze and Francesco Bertolini and Liana-Eleonora Marinescu and Martin Bölle and Dominik Paulus and Khyatti Gupta and Tejasi Latkar and Max Chang and Jason Sanders and Roopa Wilson and Xuewei Wu and Yi-Xuan Tan and Lam Nguyen Thiet and Tulsee Doshi and Sid Lall and Swaroop Mishra and Wanming Chen and Thang Luong and Seth Benjamin and Jasmine Lee and Ewa Andrejczuk and Dominik Rabiej and Vipul Ranjan and Krzysztof Styrc and Pengcheng Yin and Jon Simon and Malcolm Rose Harriott and Mudit Bansal and Alexei Robsky and Geoff Bacon and David Greene and Daniil Mirylenka and Chen Zhou and Obaid Sarvana and Abhimanyu Goyal and Samuel Andermatt and Patrick Siegler and Ben Horn and Assaf Israel and Francesco Pongetti and Chih-Wei "Louis" Chen and Marco Selvatici and Pedro Silva and Kathie Wang and Jackson Tolins and Kelvin Guu and Roey Yogev and Xiaochen Cai and Alessandro Agostini and Maulik Shah and Hung Nguyen and Noah Ó Donnaile and Sébastien Pereira and Linda Friso and Adam Stambler and Adam Kurzrok and Chenkai Kuang and Yan Romanikhin and Mark Geller and ZJ Yan and Kane Jang and Cheng-Chun Lee and Wojciech Fica and Eric Malmi and Qijun Tan and Dan Banica and Daniel Balle and Ryan Pham and Yanping Huang and Diana Avram and Hongzhi Shi and Jasjot Singh and Chris Hidey and Niharika Ahuja and Pranab Saxena and Dan Dooley and Srividya Pranavi Potharaju and Eileen O'Neill and Anand Gokulchandran and Ryan Foley and Kai Zhao and Mike Dusenberry and Yuan Liu and Pulkit Mehta and Ragha Kotikalapudi and Chalence Safranek-Shrader and Andrew Goodman and Joshua Kessinger and Eran Globen and Prateek Kolhar and Chris Gorgolewski and Ali Ibrahim and Yang Song and Ali Eichenbaum and Thomas Brovelli and Sahitya Potluri and Preethi Lahoti and Cip Baetu and Ali Ghorbani and Charles Chen and Andy Crawford and Shalini Pal and Mukund Sridhar and Petru Gurita and Asier Mujika and Igor Petrovski and Pierre-Louis Cedoz and Chenmei Li and Shiyuan Chen and Niccolò Dal Santo and Siddharth Goyal and Jitesh Punjabi and Karthik Kappaganthu and Chester Kwak and Pallavi LV and Sarmishta Velury and Himadri Choudhury and Jamie Hall and Premal Shah and Ricardo Figueira and Matt Thomas and Minjie Lu and Ting Zhou and Chintu Kumar and Thomas Jurdi and Sharat Chikkerur and Yenai Ma and Adams Yu and Soo Kwak and Victor Ähdel and Sujeevan Rajayogam and Travis Choma and Fei Liu and Aditya Barua and Colin Ji and Ji Ho Park and Vincent Hellendoorn and Alex Bailey and Taylan Bilal and Huanjie Zhou and Mehrdad Khatir and Charles Sutton and Wojciech Rzadkowski and Fiona Macintosh and Konstantin Shagin and Paul Medina and Chen Liang and Jinjing Zhou and Pararth Shah and Yingying Bi and Attila Dankovics and Shipra Banga and Sabine Lehmann and Marissa Bredesen and Zifan Lin and John Eric Hoffmann and Jonathan Lai and Raynald Chung and Kai Yang and Nihal Balani and Arthur Bražinskas and Andrei Sozanschi and Matthew Hayes and Héctor Fernández Alcalde and Peter Makarov and Will Chen and Antonio Stella and Liselotte Snijders and Michael Mandl and Ante Kärrman and Paweł Nowak and Xinyi Wu and Alex Dyck and Krishnan Vaidyanathan and Raghavender R and Jessica Mallet and Mitch Rudominer and Eric Johnston and Sushil Mittal and Akhil Udathu and Janara Christensen and Vishal Verma and Zach Irving and Andreas Santucci and Gamaleldin Elsayed and Elnaz Davoodi and Marin Georgiev and Ian Tenney and Nan Hua and Geoffrey Cideron and Edouard Leurent and Mahmoud Alnahlawi and Ionut Georgescu and Nan Wei and Ivy Zheng and Dylan Scandinaro and Heinrich Jiang and Jasper Snoek and Mukund Sundararajan and Xuezhi Wang and Zack Ontiveros and Itay Karo and Jeremy Cole and Vinu Rajashekhar and Lara Tumeh and Eyal Ben-David and Rishub Jain and Jonathan Uesato and Romina Datta and Oskar Bunyan and Shimu Wu and John Zhang and Piotr Stanczyk and Ye Zhang and David Steiner and Subhajit Naskar and Michael Azzam and Matthew Johnson and Adam Paszke and Chung-Cheng Chiu and Jaume Sanchez Elias and Afroz Mohiuddin and Faizan Muhammad and Jin Miao and Andrew Lee and Nino Vieillard and Jane Park and Jiageng Zhang and Jeff Stanway and Drew Garmon and Abhijit Karmarkar and Zhe Dong and Jong Lee and Aviral Kumar and Luowei Zhou and Jonathan Evens and William Isaac and Geoffrey Irving and Edward Loper and Michael Fink and Isha Arkatkar and Nanxin Chen and Izhak Shafran and Ivan Petrychenko and Zhe Chen and Johnson Jia and Anselm Levskaya and Zhenkai Zhu and Peter Grabowski and Yu Mao and Alberto Magni and Kaisheng Yao and Javier Snaider and Norman Casagrande and Evan Palmer and Paul Suganthan and Alfonso Castaño and Irene Giannoumis and Wooyeol Kim and Mikołaj Rybiński and Ashwin Sreevatsa and Jennifer Prendki and David Soergel and Adrian Goedeckemeyer and Willi Gierke and Mohsen Jafari and Meenu Gaba and Jeremy Wiesner and Diana Gage Wright and Yawen Wei and Harsha Vashisht and Yana Kulizhskaya and Jay Hoover and Maigo Le and Lu Li and Chimezie Iwuanyanwu and Lu Liu and Kevin Ramirez and Andrey Khorlin and Albert Cui and Tian LIN and Marcus Wu and Ricardo Aguilar and Keith Pallo and Abhishek Chakladar and Ginger Perng and Elena Allica Abellan and Mingyang Zhang and Ishita Dasgupta and Nate Kushman and Ivo Penchev and Alena Repina and Xihui Wu and Tom van der Weide and Priya Ponnapalli and Caroline Kaplan and Jiri Simsa and Shuangfeng Li and Olivier Dousse and Fan Yang and Jeff Piper and Nathan Ie and Rama Pasumarthi and Nathan Lintz and Anitha Vijayakumar and Daniel Andor and Pedro Valenzuela and Minnie Lui and Cosmin Paduraru and Daiyi Peng and Katherine Lee and Shuyuan Zhang and Somer Greene and Duc Dung Nguyen and Paula Kurylowicz and Cassidy Hardin and Lucas Dixon and Lili Janzer and Kiam Choo and Ziqiang Feng and Biao Zhang and Achintya Singhal and Dayou Du and Dan McKinnon and Natasha Antropova and Tolga Bolukbasi and Orgad Keller and David Reid and Daniel Finchelstein and Maria Abi Raad and Remi Crocker and Peter Hawkins and Robert Dadashi and Colin Gaffney and Ken Franko and Anna Bulanova and Rémi Leblond and Shirley Chung and Harry Askham and Luis C. Cobo and Kelvin Xu and Felix Fischer and Jun Xu and Christina Sorokin and Chris Alberti and Chu-Cheng Lin and Colin Evans and Alek Dimitriev and Hannah Forbes and Dylan Banarse and Zora Tung and Mark Omernick and Colton Bishop and Rachel Sterneck and Rohan Jain and Jiawei Xia and Ehsan Amid and Francesco Piccinno and Xingyu Wang and Praseem Banzal and Daniel J. Mankowitz and Alex Polozov and Victoria Krakovna and Sasha Brown and MohammadHossein Bateni and Dennis Duan and Vlad Firoiu and Meghana Thotakuri and Tom Natan and Matthieu Geist and Ser tan Girgin and Hui Li and Jiayu Ye and Ofir Roval and Reiko Tojo and Michael Kwong and James Lee-Thorp and Christopher Yew and Danila Sinopalnikov and Sabela Ramos and John Mellor and Abhishek Sharma and Kathy Wu and David Miller and Nicolas Sonnerat and Denis Vnukov and Rory Greig and Jennifer Beattie and Emily Caveness and Libin Bai and Julian Eisenschlos and Alex Korchemniy and Tomy Tsai and Mimi Jasarevic and Weize Kong and Phuong Dao and Zeyu Zheng and Frederick Liu and Fan Yang and Rui Zhu and Tian Huey Teh and Jason Sanmiya and Evgeny Gladchenko and Nejc Trdin and Daniel Toyama and Evan Rosen and Sasan Tavakkol and Linting Xue and Chen Elkind and Oliver Woodman and John Carpenter and George Papamakarios and Rupert Kemp and Sushant Kafle and Tanya Grunina and Rishika Sinha and Alice Talbert and Diane Wu and Denese Owusu-Afriyie and Cosmo Du and Chloe Thornton and Jordi Pont-Tuset and Pradyumna Narayana and Jing Li and Saaber Fatehi and John Wieting and Omar Ajmeri and Benigno Uria and Yeongil Ko and Laura Knight and Amélie Héliou and Ning Niu and Shane Gu and Chenxi Pang and Yeqing Li and Nir Levine and Ariel Stolovich and Rebeca Santamaria-Fernandez and Sonam Goenka and Wenny Yustalim and Robin Strudel and Ali Elqursh and Charlie Deck and Hyo Lee and Zonglin Li and Kyle Levin and Raphael Hoffmann and Dan Holtmann-Rice and Olivier Bachem and Sho Arora and Christy Koh and Soheil Hassas Yeganeh and Siim Põder and Mukarram Tariq and Yanhua Sun and Lucian Ionita and Mojtaba Seyedhosseini and Pouya Tafti and Zhiyu Liu and Anmol Gulati and Jasmine Liu and Xinyu Ye and Bart Chrzaszcz and Lily Wang and Nikhil Sethi and Tianrun Li and Ben Brown and Shreya Singh and Wei Fan and Aaron Parisi and Joe Stanton and Vinod Koverkathu and Christopher A. Choquette-Choo and Yunjie Li and TJ Lu and Abe Ittycheriah and Prakash Shroff and Mani Varadarajan and Sanaz Bahargam and Rob Willoughby and David Gaddy and Guillaume Desjardins and Marco Cornero and Brona Robenek and Bhavishya Mittal and Ben Albrecht and Ashish Shenoy and Fedor Moiseev and Henrik Jacobsson and Alireza Ghaffarkhah and Morgane Rivière and Alanna Walton and Clément Crepy and Alicia Parrish and Zongwei Zhou and Clement Farabet and Carey Radebaugh and Praveen Srinivasan and Claudia van der Salm and Andreas Fidjeland and Salvatore Scellato and Eri Latorre-Chimoto and Hanna Klimczak-Plucińska and David Bridson and Dario de Cesare and Tom Hudson and Piermaria Mendolicchio and Lexi Walker and Alex Morris and Matthew Mauger and Alexey Guseynov and Alison Reid and Seth Odoom and Lucia Loher and Victor Cotruta and Madhavi Yenugula and Dominik Grewe and Anastasia Petrushkina and Tom Duerig and Antonio Sanchez and Steve Yadlowsky and Amy Shen and Amir Globerson and Lynette Webb and Sahil Dua and Dong Li and Surya Bhupatiraju and Dan Hurt and Haroon Qureshi and Ananth Agarwal and Tomer Shani and Matan Eyal and Anuj Khare and Shreyas Rammohan Belle and Lei Wang and Chetan Tekur and Mihir Sanjay Kale and Jinliang Wei and Ruoxin Sang and Brennan Saeta and Tyler Liechty and Yi Sun and Yao Zhao and Stephan Lee and Pandu Nayak and Doug Fritz and Manish Reddy Vuyyuru and John Aslanides and Nidhi Vyas and Martin Wicke and Xiao Ma and Evgenii Eltyshev and Nina Martin and Hardie Cate and James Manyika and Keyvan Amiri and Yelin Kim and Xi Xiong and Kai Kang and Florian Luisier and Nilesh Tripuraneni and David Madras and Mandy Guo and Austin Waters and Oliver Wang and Joshua Ainslie and Jason Baldridge and Han Zhang and Garima Pruthi and Jakob Bauer and Feng Yang and Riham Mansour and Jason Gelman and Yang Xu and George Polovets and Ji Liu and Honglong Cai and Warren Chen and XiangHai Sheng and Emily Xue and Sherjil Ozair and Christof Angermueller and Xiaowei Li and Anoop Sinha and Weiren Wang and Julia Wiesinger and Emmanouil Koukoumidis and Yuan Tian and Anand Iyer and Madhu Gurumurthy and Mark Goldenson and Parashar Shah and MK Blake and Hongkun Yu and Anthony Urbanowicz and Jennimaria Palomaki and Chrisantha Fernando and Ken Durden and Harsh Mehta and Nikola Momchev and Elahe Rahimtoroghi and Maria Georgaki and Amit Raul and Sebastian Ruder and Morgan Redshaw and Jinhyuk Lee and Denny Zhou and Komal Jalan and Dinghua Li and Blake Hechtman and Parker Schuh and Milad Nasr and Kieran Milan and Vladimir Mikulik and Juliana Franco and Tim Green and Nam Nguyen and Joe Kelley and Aroma Mahendru and Andrea Hu and Joshua Howland and Ben Vargas and Jeffrey Hui and Kshitij Bansal and Vikram Rao and Rakesh Ghiya and Emma Wang and Ke Ye and Jean Michel Sarr and Melanie Moranski Preston and Madeleine Elish and Steve Li and Aakash Kaku and Jigar Gupta and Ice Pasupat and Da-Cheng Juan and Milan Someswar and Tejvi M. and Xinyun Chen and Aida Amini and Alex Fabrikant and Eric Chu and Xuanyi Dong and Amruta Muthal and Senaka Buthpitiya and Sarthak Jauhari and Nan Hua and Urvashi Khandelwal and Ayal Hitron and Jie Ren and Larissa Rinaldi and Shahar Drath and Avigail Dabush and Nan-Jiang Jiang and Harshal Godhia and Uli Sachs and Anthony Chen and Yicheng Fan and Hagai Taitelbaum and Hila Noga and Zhuyun Dai and James Wang and Chen Liang and Jenny Hamer and Chun-Sung Ferng and Chenel Elkind and Aviel Atias and Paulina Lee and Vít Listík and Mathias Carlen and Jan van de Kerkhof and Marcin Pikus and Krunoslav Zaher and Paul Müller and Sasha Zykova and Richard Stefanec and Vitaly Gatsko and Christoph Hirnschall and Ashwin Sethi and Xingyu Federico Xu and Chetan Ahuja and Beth Tsai and Anca Stefanoiu and Bo Feng and Keshav Dhandhania and Manish Katyal and Akshay Gupta and Atharva Parulekar and Divya Pitta and Jing Zhao and Vivaan Bhatia and Yashodha Bhavnani and Omar Alhadlaq and Xiaolin Li and Peter Danenberg and Dennis Tu and Alex Pine and Vera Filippova and Abhipso Ghosh and Ben Limonchik and Bhargava Urala and Chaitanya Krishna Lanka and Derik Clive and Yi Sun and Edward Li and Hao Wu and Kevin Hongtongsak and Ianna Li and Kalind Thakkar and Kuanysh Omarov and Kushal Majmundar and Michael Alverson and Michael Kucharski and Mohak Patel and Mudit Jain and Maksim Zabelin and Paolo Pelagatti and Rohan Kohli and Saurabh Kumar and Joseph Kim and Swetha Sankar and Vineet Shah and Lakshmi Ramachandruni and Xiangkai Zeng and Ben Bariach and Laura Weidinger and Tu Vu and Alek Andreev and Antoine He and Kevin Hui and Sheleem Kashem and Amar Subramanya and Sissie Hsiao and Demis Hassabis and Koray Kavukcuoglu and Adam Sadovsky and Quoc Le and Trevor Strohman and Yonghui Wu and Slav Petrov and Jeffrey Dean and Oriol Vinyals},
      year={2024},
      eprint={2312.11805},
      archivePrefix={arXiv},
      primaryClass={cs.CL},
      url={https://arxiv.org/abs/2312.11805}, 
}

@article{reid2024gemini,
  title={Gemini 1.5: Unlocking multimodal understanding across millions of tokens of context},
  author={Reid, Machel and Savinov, Nikolay and Teplyashin, Denis and Lepikhin, Dmitry and Lillicrap, Timothy and Alayrac, Jean-baptiste and Soricut, Radu and Lazaridou, Angeliki and Firat, Orhan and Schrittwieser, Julian and others},
  journal={arXiv preprint arXiv:2403.05530},
  year={2024}
}

@article{white2024model,
  title={The Model Openness Framework: Promoting Completeness and Openness for Reproducibility, Transparency and Usability in AI},
  author={White, Matt and Haddad, Ibrahim and Osborne, Cailean and Abdelmonsef, Ahmed and Varghese, Sachin and others},
  journal={arXiv preprint arXiv:2403.13784},
  year={2024}
}

@article{zhang2024mm,
  title={Mm-llms: Recent advances in multimodal large language models},
  author={Zhang, Duzhen and Yu, Yahan and Li, Chenxing and Dong, Jiahua and Su, Dan and Chu, Chenhui and Yu, Dong},
  journal={arXiv preprint arXiv:2401.13601},
  year={2024}
}

@article{maaz2023video,
  title={Video-chatgpt: Towards detailed video understanding via large vision and language models},
  author={Maaz, Muhammad and Rasheed, Hanoona and Khan, Salman and Khan, Fahad Shahbaz},
  journal={arXiv preprint arXiv:2306.05424},
  year={2023}
}


@article{zhang2023video,
  title={Video-llama: An instruction-tuned audio-visual language model for video understanding},
  author={Zhang, Hang and Li, Xin and Bing, Lidong},
  journal={arXiv preprint arXiv:2306.02858},
  year={2023}
}


@article{li2024datacomp,
  title={DataComp-LM: In search of the next generation of training sets for language models},
  author={Li, Jeffrey and Fang, Alex and Smyrnis, Georgios and Ivgi, Maor and Jordan, Matt and Gadre, Samir and Bansal, Hritik and Guha, Etash and Keh, Sedrick and Arora, Kushal and others},
  journal={arXiv preprint arXiv:2406.11794},
  year={2024}
}

@article{bai2023qwen,
  title={Qwen technical report},
  author={Bai, Jinze and Bai, Shuai and Chu, Yunfei and Cui, Zeyu and Dang, Kai and Deng, Xiaodong and Fan, Yang and Ge, Wenbin and Han, Yu and Huang, Fei and others},
  journal={arXiv preprint arXiv:2309.16609},
  year={2023}
}

@article{weber2024redpajama,
  title={RedPajama: an Open Dataset for Training Large Language Models},
  author={Weber, Maurice and Fu, Daniel and Anthony, Quentin and Oren, Yonatan and Adams, Shane and Alexandrov, Anton and Lyu, Xiaozhong and Nguyen, Huu and Yao, Xiaozhe and Adams, Virginia and others},
  journal={arXiv preprint arXiv:2411.12372},
  year={2024}
}

@article{patel2020introduction,
  title={Introduction to common crawl datasets},
  author={Patel, Jay M and Patel, Jay M},
  journal={Getting structured data from the internet: running web crawlers/scrapers on a big data production scale},
  pages={277--324},
  year={2020},
  publisher={Springer}
}

@misc{cerebras2023slimpajama,
author = {Soboleva, Daria and Al-Khateeb, Faisal and Myers, Robert and Steeves, Jacob R and Hestness, Joel and Dey, Nolan},
title = {{SlimPajama: A 627B token cleaned and deduplicated version of RedPajama}},
month = June,
year = 2023,
howpublished = {\url{https://cerebras.ai/blog/slimpajama-a-627b-token-cleaned-and-deduplicated-version-of-redpajama}},
url = {https://huggingface.co/datasets/cerebras/SlimPajama-627B},
}

@article{kocetkov2022stack,
  title={The stack: 3 tb of permissively licensed source code},
  author={Kocetkov, Denis and Li, Raymond and Allal, Loubna Ben and Li, Jia and Mou, Chenghao and Ferrandis, Carlos Mu{\~n}oz and Jernite, Yacine and Mitchell, Margaret and Hughes, Sean and Wolf, Thomas and others},
  journal={arXiv preprint arXiv:2211.15533},
  year={2022}
}

@misc{bisk2019piqareasoningphysicalcommonsense,
      title={PIQA: Reasoning about Physical Commonsense in Natural Language}, 
      author={Yonatan Bisk and Rowan Zellers and Ronan Le Bras and Jianfeng Gao and Yejin Choi},
      year={2019},
      eprint={1911.11641},
      archivePrefix={arXiv},
      primaryClass={cs.CL},
      url={https://arxiv.org/abs/1911.11641}, 
}

@misc{clark2018thinksolvedquestionanswering,
      title={Think you have Solved Question Answering? Try ARC, the AI2 Reasoning Challenge}, 
      author={Peter Clark and Isaac Cowhey and Oren Etzioni and Tushar Khot and Ashish Sabharwal and Carissa Schoenick and Oyvind Tafjord},
      year={2018},
      eprint={1803.05457},
      archivePrefix={arXiv},
      primaryClass={cs.AI},
      url={https://arxiv.org/abs/1803.05457}, 
}

@misc{zellers2019hellaswagmachinereallyfinish,
      title={HellaSwag: Can a Machine Really Finish Your Sentence?}, 
      author={Rowan Zellers and Ari Holtzman and Yonatan Bisk and Ali Farhadi and Yejin Choi},
      year={2019},
      eprint={1905.07830},
      archivePrefix={arXiv},
      primaryClass={cs.CL},
      url={https://arxiv.org/abs/1905.07830}, 
}

@misc{hendrycks2021measuringmassivemultitasklanguage,
      title={Measuring Massive Multitask Language Understanding}, 
      author={Dan Hendrycks and Collin Burns and Steven Basart and Andy Zou and Mantas Mazeika and Dawn Song and Jacob Steinhardt},
      year={2021},
      eprint={2009.03300},
      archivePrefix={arXiv},
      primaryClass={cs.CY},
      url={https://arxiv.org/abs/2009.03300}, 
}

@article{jiang2023mistral7b,
  title={Mistral 7B},
  author={Jiang, Albert Q and Sablayrolles, Alexandre and Mensch, Arthur and Bamford, Chris and Chaplot, Devendra Singh and Casas, Diego de las and Bressand, Florian and Lengyel, Gianna and Lample, Guillaume and Saulnier, Lucile and others},
  journal={arXiv preprint arXiv:2310.06825},
  year={2023}
}

@article{jiang2024mixtral,
  title={Mixtral of experts},
  author={Jiang, Albert Q and Sablayrolles, Alexandre and Roux, Antoine and Mensch, Arthur and Savary, Blanche and Bamford, Chris and Chaplot, Devendra Singh and Casas, Diego de las and Hanna, Emma Bou and Bressand, Florian and others},
  journal={arXiv preprint arXiv:2401.04088},
  year={2024}
}

@article{yang2024qwen2,
  title={Qwen2 technical report},
  author={Yang, An and Yang, Baosong and Hui, Binyuan and Zheng, Bo and Yu, Bowen and Zhou, Chang and Li, Chengpeng and Li, Chengyuan and Liu, Dayiheng and Huang, Fei and others},
  journal={arXiv preprint arXiv:2407.10671},
  year={2024}
}

@article{lieber2024jamba,
  title={Jamba: A hybrid transformer-mamba language model},
  author={Lieber, Opher and Lenz, Barak and Bata, Hofit and Cohen, Gal and Osin, Jhonathan and Dalmedigos, Itay and Safahi, Erez and Meirom, Shaked and Belinkov, Yonatan and Shalev-Shwartz, Shai and others},
  journal={arXiv preprint arXiv:2403.19887},
  year={2024}
}

@article{team2024jamba,
  title={Jamba-1.5: Hybrid Transformer-Mamba Models at Scale},
  author={Team, Jamba and Lenz, Barak and Arazi, Alan and Bergman, Amir and Manevich, Avshalom and Peleg, Barak and Aviram, Ben and Almagor, Chen and Fridman, Clara and Padnos, Dan and others},
  journal={arXiv preprint arXiv:2408.12570},
  year={2024}
}

@article{team2023gemini,
  title={Gemini: a family of highly capable multimodal models},
  author={Team, Gemini and Anil, Rohan and Borgeaud, Sebastian and Wu, Yonghui and Alayrac, Jean-Baptiste and Yu, Jiahui and Soricut, Radu and Schalkwyk, Johan and Dai, Andrew M and Hauth, Anja and others},
  journal={arXiv preprint arXiv:2312.11805},
  year={2023}
}

@article{prest2020falcon,
  title={Falcon},
  author={Prest, Thomas and Fouque, Pierre-Alain and Hoffstein, Jeffrey and Kirchner, Paul and Lyubashevsky, Vadim and Pornin, Thomas and Ricosset, Thomas and Seiler, Gregor and Whyte, William and Zhang, Zhenfei},
  journal={Post-Quantum Cryptography Project of NIST},
  year={2020}
}

@article{mann2020language,
  title={Language models are few-shot learners},
  author={Mann, Ben and Ryder, N and Subbiah, M and Kaplan, J and Dhariwal, P and Neelakantan, A and Shyam, P and Sastry, G and Askell, A and Agarwal, S and others},
  journal={arXiv preprint arXiv:2005.14165},
  volume={1},
  year={2020}
}

@article{penedo2023refinedweb,
  title={The RefinedWeb dataset for Falcon LLM: outperforming curated corpora with web data, and web data only},
  author={Penedo, Guilherme and Malartic, Quentin and Hesslow, Daniel and Cojocaru, Ruxandra and Cappelli, Alessandro and Alobeidli, Hamza and Pannier, Baptiste and Almazrouei, Ebtesam and Launay, Julien},
  journal={arXiv preprint arXiv:2306.01116},
  year={2023}
}

@article{rae2021scaling,
  title={Scaling language models: Methods, analysis \& insights from training gopher},
  author={Rae, Jack W and Borgeaud, Sebastian and Cai, Trevor and Millican, Katie and Hoffmann, Jordan and Song, Francis and Aslanides, John and Henderson, Sarah and Ring, Roman and Young, Susannah and others},
  journal={arXiv preprint arXiv:2112.11446},
  year={2021}
}

@article{wenzek2019ccnet,
  title={CCNet: Extracting high quality monolingual datasets from web crawl data},
  author={Wenzek, Guillaume and Lachaux, Marie-Anne and Conneau, Alexis and Chaudhary, Vishrav and Guzm{\'a}n, Francisco and Joulin, Armand and Grave, Edouard},
  journal={arXiv preprint arXiv:1911.00359},
  year={2019}
}

@article{xue2020mt5,
  title={mt5: A massively multilingual pre-trained text-to-text transformer},
  author={Xue, L},
  journal={arXiv preprint arXiv:2010.11934},
  year={2020}
}

@article{raffel2020exploring,
  title={Exploring the limits of transfer learning with a unified text-to-text transformer},
  author={Raffel, Colin and Shazeer, Noam and Roberts, Adam and Lee, Katherine and Narang, Sharan and Matena, Michael and Zhou, Yanqi and Li, Wei and Liu, Peter J},
  journal={Journal of machine learning research},
  volume={21},
  number={140},
  pages={1--67},
  year={2020}
}

@article{conneau2019cross,
  title={Cross-lingual language model pretraining},
  author={Conneau, Alexis and Lample, Guillaume},
  journal={Advances in neural information processing systems},
  volume={32},
  year={2019}
}

@article{chen2021evaluating,
  title={Evaluating large language models trained on code},
  author={Chen, Mark and Tworek, Jerry and Jun, Heewoo and Yuan, Qiming and Pinto, Henrique Ponde De Oliveira and Kaplan, Jared and Edwards, Harri and Burda, Yuri and Joseph, Nicholas and Brockman, Greg and others},
  journal={arXiv preprint arXiv:2107.03374},
  year={2021}
}

@article{gao2020pile,
  title={The pile: An 800gb dataset of diverse text for language modeling},
  author={Gao, Leo and Biderman, Stella and Black, Sid and Golding, Laurence and Hoppe, Travis and Foster, Charles and Phang, Jason and He, Horace and Thite, Anish and Nabeshima, Noa and others},
  journal={arXiv preprint arXiv:2101.00027},
  year={2020}
}

@article{ivison2023camels,
  title={Camels in a changing climate: Enhancing lm adaptation with tulu 2},
  author={Ivison, Hamish and Wang, Yizhong and Pyatkin, Valentina and Lambert, Nathan and Peters, Matthew and Dasigi, Pradeep and Jang, Joel and Wadden, David and Smith, Noah A and Beltagy, Iz and others},
  journal={arXiv preprint arXiv:2311.10702},
  year={2023}
}

@inproceedings{du2022glam,
  title={Glam: Efficient scaling of language models with mixture-of-experts},
  author={Du, Nan and Huang, Yanping and Dai, Andrew M and Tong, Simon and Lepikhin, Dmitry and Xu, Yuanzhong and Krikun, Maxim and Zhou, Yanqi and Yu, Adams Wei and Firat, Orhan and others},
  booktitle={International Conference on Machine Learning},
  pages={5547--5569},
  year={2022},
  organization={PMLR}
}

@article{longpre2023pretrainer,
  title={A pretrainer's guide to training data: Measuring the effects of data age, domain coverage, quality, \& toxicity},
  author={Longpre, Shayne and Yauney, Gregory and Reif, Emily and Lee, Katherine and Roberts, Adam and Zoph, Barret and Zhou, Denny and Wei, Jason and Robinson, Kevin and Mimno, David and others},
  journal={arXiv preprint arXiv:2305.13169},
  year={2023}
}
@article{zheng2023judging,
  title={Judging llm-as-a-judge with mt-bench and chatbot arena},
  author={Zheng, Lianmin and Chiang, Wei-Lin and Sheng, Ying and Zhuang, Siyuan and Wu, Zhanghao and Zhuang, Yonghao and Lin, Zi and Li, Zhuohan and Li, Dacheng and Xing, Eric and others},
  journal={Advances in Neural Information Processing Systems},
  volume={36},
  pages={46595--46623},
  year={2023}
}
@article{sachdeva2024train,
  title={How to Train Data-Efficient LLMs},
  author={Sachdeva, Noveen and Coleman, Benjamin and Kang, Wang-Cheng and Ni, Jianmo and Hong, Lichan and Chi, Ed H and Caverlee, James and McAuley, Julian and Cheng, Derek Zhiyuan},
  journal={arXiv preprint arXiv:2402.09668},
  year={2024}
}

@inproceedings{agarwal2009url,
  title={URL normalization for de-duplication of web pages},
  author={Agarwal, Amit and Koppula, Hema Swetha and Leela, Krishna P and Chitrapura, Krishna Prasad and Garg, Sachin and GM, Pavan Kumar and Haty, Chittaranjan and Roy, Anirban and Sasturkar, Amit},
  booktitle={Proceedings of the 18th ACM conference on information and knowledge management},
  pages={1987--1990},
  year={2009}
}

@inproceedings{albalak2023efficient,
  title={Efficient online data mixing for language model pre-training},
  author={Albalak, Alon and Pan, Liangming and Raffel, Colin and Wang, William Yang},
  booktitle={R0-FoMo: Robustness of Few-shot and Zero-shot Learning in Large Foundation Models},
  year={2023}
}

@article{shen2023slimpajama,
  title={Slimpajama-dc: Understanding data combinations for llm training},
  author={Shen, Zhiqiang and Tao, Tianhua and Ma, Liqun and Neiswanger, Willie and Liu, Zhengzhong and Wang, Hongyi and Tan, Bowen and Hestness, Joel and Vassilieva, Natalia and Soboleva, Daria and others},
  journal={arXiv preprint arXiv:2309.10818},
  year={2023}
}

@article{chowdhery2023palm,
  title={Palm: Scaling language modeling with pathways},
  author={Chowdhery, Aakanksha and Narang, Sharan and Devlin, Jacob and Bosma, Maarten and Mishra, Gaurav and Roberts, Adam and Barham, Paul and Chung, Hyung Won and Sutton, Charles and Gehrmann, Sebastian and others},
  journal={Journal of Machine Learning Research},
  volume={24},
  number={240},
  pages={1--113},
  year={2023}
}

@article{team2024gemma,
  title={Gemma: Open models based on gemini research and technology},
  author={Team, Gemma and Mesnard, Thomas and Hardin, Cassidy and Dadashi, Robert and Bhupatiraju, Surya and Pathak, Shreya and Sifre, Laurent and Rivi{\`e}re, Morgane and Kale, Mihir Sanjay and Love, Juliette and others},
  journal={arXiv preprint arXiv:2403.08295},
  year={2024}
}

@article{soldaini2024dolma,
  title={Dolma: An open corpus of three trillion tokens for language model pretraining research},
  author={Soldaini, Luca and Kinney, Rodney and Bhagia, Akshita and Schwenk, Dustin and Atkinson, David and Authur, Russell and Bogin, Ben and Chandu, Khyathi and Dumas, Jennifer and Elazar, Yanai and others},
  journal={arXiv preprint arXiv:2402.00159},
  year={2024}
}

@article{ostendorffllm,
  title={LLM-Datasets: An Open Framework for Pretraining Datasets of Large Language Models},
  author={Ostendorff, Malte and Suarez, Pedro Ortiz and Lage, Lucas Fonseca and Rehm, Georg}
}


@article{lozhkov2024starcoder,
  title={Starcoder 2 and the stack v2: The next generation},
  author={Lozhkov, Anton and Li, Raymond and Allal, Loubna Ben and Cassano, Federico and Lamy-Poirier, Joel and Tazi, Nouamane and Tang, Ao and Pykhtar, Dmytro and Liu, Jiawei and Wei, Yuxiang and others},
  journal={arXiv preprint arXiv:2402.19173},
  year={2024}
}


@article{holtzman2019curious,
  title={The curious case of neural text degeneration},
  author={Holtzman, Ari and Buys, Jan and Du, Li and Forbes, Maxwell and Choi, Yejin},
  journal={arXiv preprint arXiv:1904.09751},
  year={2019}
}

@article{groeneveld2024olmo,
  title={Olmo: Accelerating the science of language models},
  author={Groeneveld, Dirk and Beltagy, Iz and Walsh, Pete and Bhagia, Akshita and Kinney, Rodney and Tafjord, Oyvind and Jha, Ananya Harsh and Ivison, Hamish and Magnusson, Ian and Wang, Yizhong and others},
  journal={arXiv preprint arXiv:2402.00838},
  year={2024}
}

@article{zeng2022glm,
  title={Glm-130b: An open bilingual pre-trained model},
  author={Zeng, Aohan and Liu, Xiao and Du, Zhengxiao and Wang, Zihan and Lai, Hanyu and Ding, Ming and Yang, Zhuoyi and Xu, Yifan and Zheng, Wendi and Xia, Xiao and others},
  journal={arXiv preprint arXiv:2210.02414},
  year={2022}
}

@article{parmar2024nemotron,
  title={Nemotron-4 15B Technical Report},
  author={Parmar, Jupinder and Prabhumoye, Shrimai and Jennings, Joseph and Patwary, Mostofa and Subramanian, Sandeep and Su, Dan and Zhu, Chen and Narayanan, Deepak and Jhunjhunwala, Aastha and Dattagupta, Ayush and others},
  journal={arXiv preprint arXiv:2402.16819},
  year={2024}
}

@article{cai2024internlm2,
  title={Internlm2 technical report},
  author={Cai, Zheng and Cao, Maosong and Chen, Haojiong and Chen, Kai and Chen, Keyu and Chen, Xin and Chen, Xun and Chen, Zehui and Chen, Zhi and Chu, Pei and others},
  journal={arXiv preprint arXiv:2403.17297},
  year={2024}
}

@inproceedings{
zeng2023glmb,
title={{GLM}-130B: An Open Bilingual Pre-trained Model},
author={Aohan Zeng and Xiao Liu and Zhengxiao Du and Zihan Wang and Hanyu Lai and Ming Ding and Zhuoyi Yang and Yifan Xu and Wendi Zheng and Xiao Xia and Weng Lam Tam and Zixuan Ma and Yufei Xue and Jidong Zhai and Wenguang Chen and Zhiyuan Liu and Peng Zhang and Yuxiao Dong and Jie Tang},
booktitle={The Eleventh International Conference on Learning Representations },
year={2023},
url={https://openreview.net/forum?id=-Aw0rrrPUF}
}

@article{ainslie2023gqa,
  title={Gqa: Training generalized multi-query transformer models from multi-head checkpoints},
  author={Ainslie, Joshua and Lee-Thorp, James and de Jong, Michiel and Zemlyanskiy, Yury and Lebr{\'o}n, Federico and Sanghai, Sumit},
  journal={arXiv preprint arXiv:2305.13245},
  year={2023}
}

@article{beltagy2020longformer,
  title={Longformer: The long-document transformer},
  author={Beltagy, Iz and Peters, Matthew E and Cohan, Arman},
  journal={arXiv preprint arXiv:2004.05150},
  year={2020}
}



@article{austin2021program,
  title={Program synthesis with large language models},
  author={Austin, Jacob and Odena, Augustus and Nye, Maxwell and Bosma, Maarten and Michalewski, Henryk and Dohan, David and Jiang, Ellen and Cai, Carrie and Terry, Michael and Le, Quoc and others},
  journal={arXiv preprint arXiv:2108.07732},
  year={2021}
}

@article{zellers2019hellaswag,
  title={Hellaswag: Can a machine really finish your sentence?},
  author={Zellers, Rowan and Holtzman, Ari and Bisk, Yonatan and Farhadi, Ali and Choi, Yejin},
  journal={arXiv preprint arXiv:1905.07830},
  year={2019}
}

@article{sakaguchi2021winogrande,
  title={Winogrande: An adversarial winograd schema challenge at scale},
  author={Sakaguchi, Keisuke and Bras, Ronan Le and Bhagavatula, Chandra and Choi, Yejin},
  journal={Communications of the ACM},
  volume={64},
  number={9},
  pages={99--106},
  year={2021},
  publisher={ACM New York, NY, USA}
}

@article{van2024ai,
  title={AI Sandbagging: Language Models can Strategically Underperform on Evaluations},
  author={van der Weij, Teun and Hofst{\"a}tter, Felix and Jaffe, Ollie and Brown, Samuel F and Ward, Francis Rhys},
  journal={arXiv preprint arXiv:2406.07358},
  year={2024}
}

@article{black2022gpt,
  title={Gpt-neox-20b: An open-source autoregressive language model},
  author={Black, Sid and Biderman, Stella and Hallahan, Eric and Anthony, Quentin and Gao, Leo and Golding, Laurence and He, Horace and Leahy, Connor and McDonell, Kyle and Phang, Jason and others},
  journal={arXiv preprint arXiv:2204.06745},
  year={2022}
}

@article{song2023deepspeed4science,
  title={DeepSpeed4Science Initiative: Enabling Large-Scale Scientific Discovery through Sophisticated AI System Technologies},
  author={Song, Shuaiwen Leon and Kruft, Bonnie and Zhang, Minjia and Li, Conglong and Chen, Shiyang and Zhang, Chengming and Tanaka, Masahiro and Wu, Xiaoxia and Rasley, Jeff and Awan, Ammar Ahmad and others},
  journal={arXiv preprint arXiv:2310.04610},
  year={2023}
}

@misc{AutoGPTQ,
  author = {AutoGPTQ Team},
  title = {AutoGPTQ: An User-friendly LLMs Quantization Package},
  year = {2024},
  publisher = {GitHub},
  url = {https://github.com/AutoGPTQ/AutoGPTQ},
  note = {Accessed: Spring 2024}
}

@article{penedo2024fineweb,
  title={The fineweb datasets: Decanting the web for the finest text data at scale},
  author={Penedo, Guilherme and Kydl{\'\i}{\v{c}}ek, Hynek and Lozhkov, Anton and Mitchell, Margaret and Raffel, Colin and Von Werra, Leandro and Wolf, Thomas and others},
  journal={arXiv preprint arXiv:2406.17557},
  year={2024}
}

@inproceedings{li2023colossal,
  title={Colossal-ai: A unified deep learning system for large-scale parallel training},
  author={Li, Shenggui and Liu, Hongxin and Bian, Zhengda and Fang, Jiarui and Huang, Haichen and Liu, Yuliang and Wang, Boxiang and You, Yang},
  booktitle={Proceedings of the 52nd International Conference on Parallel Processing},
  pages={766--775},
  year={2023}
}

@article{brandfonbrener2024color,
  title={CoLoR-Filter: Conditional Loss Reduction Filtering for Targeted Language Model Pre-training},
  author={Brandfonbrener, David and Zhang, Hanlin and Kirsch, Andreas and Schwarz, Jonathan Richard and Kakade, Sham},
  journal={arXiv preprint arXiv:2406.10670},
  year={2024}
}

@article{fang2023data,
  title={Data filtering networks},
  author={Fang, Alex and Jose, Albin Madappally and Jain, Amit and Schmidt, Ludwig and Toshev, Alexander and Shankar, Vaishaal},
  journal={arXiv preprint arXiv:2309.17425},
  year={2023}
}


@article{carlini2022quantifying,
  title={Quantifying memorization across neural language models},
  author={Carlini, Nicholas and Ippolito, Daphne and Jagielski, Matthew and Lee, Katherine and Tramer, Florian and Zhang, Chiyuan},
  journal={arXiv preprint arXiv:2202.07646},
  year={2022}
}

@inproceedings{broder1997resemblance,
  title={On the resemblance and containment of documents},
  author={Broder, Andrei Z},
  booktitle={Proceedings. Compression and Complexity of SEQUENCES 1997 (Cat. No. 97TB100171)},
  pages={21--29},
  year={1997},
  organization={IEEE}
}

@misc{fineweb2024,
    auhtor={Penedo, Guilherme and Kydlícek, Hynek and  von Werra, Leandro, and Wolf, Thomas}, 
    title={Fineweb},
    year={2024}, 
    url= {https://huggingface.co/datasets/HuggingFaceFW/fineweb},
}

@misc{face2023,
    auhtor={Hugging Face}, 
    title={Large-scale Near-deduplication Behind BigCode},
    year={2023}, 
    url={https://huggingface.co/blog/dedup},
}

@article{abbas2023semdedup,
  title={Semdedup: Data-efficient learning at web-scale through semantic deduplication},
  author={Abbas, Amro and Tirumala, Kushal and Simig, D{\'a}niel and Ganguli, Surya and Morcos, Ari S},
  journal={arXiv preprint arXiv:2303.09540},
  year={2023}
}

@article{lee2021deduplicating,
  title={Deduplicating training data makes language models better},
  author={Lee, Katherine and Ippolito, Daphne and Nystrom, Andrew and Zhang, Chiyuan and Eck, Douglas and Callison-Burch, Chris and Carlini, Nicholas},
  journal={arXiv preprint arXiv:2107.06499},
  year={2021}
}

@misc{leskovec2014mining,
  title={Mining of Massive Datasets, Cambridge University Press, Cambridge},
  author={Leskovec, J and Rajaraman, A and Ullman, JD},
  year={2014}
}

@article{touvron2023llama,
  title={Llama 2: Open foundation and fine-tuned chat models},
  author={Touvron, Hugo and Martin, Louis and Stone, Kevin and Albert, Peter and Almahairi, Amjad and Babaei, Yasmine and Bashlykov, Nikolay and Batra, Soumya and Bhargava, Prajjwal and Bhosale, Shruti and others},
  journal={arXiv preprint arXiv:2307.09288},
  year={2023}
}

@article{roziere2023code,
  title={Code llama: Open foundation models for code},
  author={Roziere, Baptiste and Gehring, Jonas and Gloeckle, Fabian and Sootla, Sten and Gat, Itai and Tan, Xiaoqing Ellen and Adi, Yossi and Liu, Jingyu and Sauvestre, Romain and Remez, Tal and others},
  journal={arXiv preprint arXiv:2308.12950},
  year={2023}
}

@article{loshchilov2017decoupled,
  title={Decoupled weight decay regularization},
  author={Loshchilov, I},
  journal={arXiv preprint arXiv:1711.05101},
  year={2017}
}

@misc{lmevaluationharness,
  author = {LM Evaluation Harness Team},
  title = {LM Evaluation Harness},
  year = {2024},
  publisher = {GitHub},
  url = {https://github.com/EleutherAI/lm-evaluation-harness},
  note = {Accessed: Summer 2024}
}

@misc{open_compass,
  author = {Open Compass Team},
  title = {Open Compass},
  year = {2024},
  publisher = {GitHub},
  url = {https://github.com/open-compass/opencompass},
  note = {Accessed: Summer 2024}
}


@misc{tiktoken,
  author = {OpenAI Team},
  title = {tiktoken},
  year = {2022},
  publisher = {GitHub},
  url = {https://github.com/openai/tiktoken}
}


@article{sennrich2015neural,
  title={Neural machine translation of rare words with subword units},
  author={Sennrich, Rico},
  journal={arXiv preprint arXiv:1508.07909},
  year={2015}
}

@article{kudo2018sentencepiece,
  title={Sentencepiece: A simple and language independent subword tokenizer and detokenizer for neural text processing},
  author={Kudo, T},
  journal={arXiv preprint arXiv:1808.06226},
  year={2018}
}

@article{yang2019xlnet,
  title={XLNet: Generalized Autoregressive Pretraining for Language Understanding},
  author={Yang, Zhilin},
  journal={arXiv preprint arXiv:1906.08237},
  year={2019}
}



@article{huggingface_tokens,
  title={Summary of the tokenizers},
  author={Hugging Face Team},
  year={2024},
  url={https://github.com/huggingface/transformers/blob/main/docs/source/en/tokenizer_summary.md}
}




@article{bommasani2023foundation,
  title={The foundation model transparency index},
  author={Bommasani, Rishi and Klyman, Kevin and Longpre, Shayne and Kapoor, Sayash and Maslej, Nestor and Xiong, Betty and Zhang, Daniel and Liang, Percy},
  journal={arXiv preprint arXiv:2310.12941},
  year={2023}
}

@article{kapoor2024societal,
  title={On the Societal Impact of Open Foundation Models},
  author={Kapoor, Sayash and Bommasani, Rishi and Klyman, Kevin and Longpre, Shayne and Ramaswami, Ashwin and Cihon, Peter and Hopkins, Aspen and Bankston, Kevin and Biderman, Stella and Bogen, Miranda and others},
  journal={arXiv preprint arXiv:2403.07918},
  year={2024}
}


@article{allenai:arc,
      author    = {Peter Clark  and Isaac Cowhey and Oren Etzioni and Tushar Khot and
                    Ashish Sabharwal and Carissa Schoenick and Oyvind Tafjord},
      title     = {Think you have Solved Question Answering? Try ARC, the AI2 Reasoning Challenge},
      journal   = {arXiv:1803.05457v1},
      year      = {2018},
}